

@article{pynini,
    author  = "K. Gorman",
    title   = "Pynini: A Python library for weighted finite-state grammar compilation",
    year    = "2016",
    journal = "Proc. ACL Workshop on Statistical NLP and Weighted Automata",
    pages   = "75--80"
}

@article{kes,
    author  = "Ebden, Peter and Sproat, Richard",
    title   = "The Kestrel TTS text normalization system",
    year    = "2015",
    journal = "Natural Language Engineering",
    volume = "3",
    pages   = "333--353"
}

@misc{lsp,
  title        = {Language Server Protocol},
  howpublished = "\url{https://microsoft.github.io/language-server-protocol/}",
 }
 
 
 @misc{pylsp,
  title        = {Python LSP Server},
  howpublished = "\url{https://github.com/python-lsp/python-lsp-server}",
 }


@article{ctc,
    author    = {Alex Graves and Santiago Ferandez and Faustino Gomez and Jurgen Schmidhuber },
    title     = {Connectionist Temporal Classification: Labelling Unsegmented Sequence Data with Recurrent Neural Networks},
    year      = 2006,
    journal = {ICML},
    pages=  {369--376}
 }
 
 @article{qua,
    author    = {Samuel Kriman and Stanislav Beliaev and Boris Ginsburg and Jocelyn Huang and Oleksii Kuchaiev and Vitaly Lavrukhin and Ryan Leary and Jason Li and Yang Zhang},
    title     = {QuartzNet: Deep Automatic Speech Recognition with 1D Time-Channel Separable Convolutions},
    year      = 2019,
    journal = {arXiv},
 }
 
@misc{nemo,
  title        = {NVIDIA NeMo User Guide},
  howpublished = "\url{https://docs.nvidia.com/deeplearning/nemo/user-guide/docs/en/main/}",
 }
 
@article{beam,
    author    = {Awni Y. Hannun and Andrew L. Maas and Daniel Jurafsky and Andrew Y. Ng},
    title     = {First-Pass Large Vocabulary Continuous Speech Recognition using Bi-Directional Recurrent DNNs},
    year      = 2014,
    month = dec,
    journal = {arXiv},
 }




 


