@article{nature,
    author  = "Anna Nowogrodzki",
    title   = "Speaking in code: how to program by voice",
    year    = "2018",
    journal = "Nature",
    volume  = "559",
    pages   = "141--142"
}

@misc{yt1,
  title        = "Using Python to Code by Voice",
  author       = {Tavis Rudd},
  howpublished = "\url{https://www.youtube.com/watch?v=8SkdfdXWYaI}",
  year         = 2013,
  month        = mar,
 }

@misc{yt2,
  title        = "Voice Driven Development: Who needs a keyboard anyway?",
  author       = {Emily Shea},
  howpublished = "\url{https://www.youtube.com/watch?v=YKuRkGkf5HU}",
  year         = 2019,
  month        = sep,
 }